@book{
    和田,
	author = {和田純夫},
	title = {プリンキピアを読む},
    publisher = {講談社},
    year = {2009},
}
@book{
    永田,
	author = {永田一清},
	title = {基礎力学(ライブラリ工学基礎物理学1)},
    publisher = {サイエンス社},
    year = {2016},
}
@book{
    木下,
	author = {木下宙},
	title = {天体と軌道の力学},
    publisher = {東京大学出版会},
    year = {2007},
}
@book{
    ディアク,
	author = {F・ディアク, P・ホームズ},
	title = {天体力学のパイオニアたち カオスと安定性をめぐる人物史(上)},
}
@book{
    桜井,
	author = {桜井邦朋},
	title = {天文学史},
    publisher = {朝倉書店},
    year = {1990},
}
@book{
    クーン,
	author = {トーマス・クーン},
	title = {コペルニクス革命 科学思想史序説},
    publisher = {紀伊國屋書店},
    year = {1976},
    note = {常石敬一 訳}
}