@book{book:principia
	author = {和田純夫},
	title = {プリンキピアを読む},
}
@book{2
	author = {永田一清},
	title = {基礎力学(ライブラリ工学基礎物理学1)},
}
@book{3
	author = {木下宙},
	title = {天体と軌道の力学},
}
@book{
	author = {F・ディアク, P・ホームズ},
	title = {天体力学のパイオニアたち カオスと安定性をめぐる人物史(上)}
}
@book{
	author = {桜井邦朋},
	title = {天文学史}
}