@book{
    光学の原理,
	author = {M・ボルン, E・ウォルフ},
	title = {光学の原理I 電磁光学および幾何光学},
    publisher = {東海大学出版会},
    year = {1974},
}